<?xml version="1.0" encoding="UTF-8"?><collection xmlns="http://www.loc.gov/MARC21/slim"><record><leader>00406nam--2200133-i-4500</leader><controlfield tag="001">000039954</controlfield><controlfield tag="002">20161230</controlfield><controlfield tag="005">20161230201042</controlfield><controlfield tag="008">060222s1000------------r-----000-0-eng-d</controlfield><datafield ind1=" " ind2=" " tag="080"><subfield code="a">616.12(043)</subfield></datafield><datafield ind1=" " ind2=" " tag="100"><subfield code="a">Sabot,Jean-louis</subfield></datafield><datafield ind1=" " ind2=" " tag="245"><subfield code="a">La cause du deces dans l`infarctus du myocarde (a propos de 200 observations anatomo-cliniques). these</subfield></datafield><datafield ind1=" " ind2=" " tag="260"><subfield code="a">Lyon, Univ.Claude Bernard, 1972. 122 P</subfield></datafield><datafield ind1=" " ind2=" " tag="852"><subfield code="a">40697</subfield></datafield></record></collection>